%
% Bibliography
%

@article{adams2007bayesian,
  title         = {Bayesian online changepoint detection},
  author        = {Adams, Ryan Prescott and MacKay, David JC},
  journal       = {arXiv Cornell University Library},
  year          = {2007}
}

@book{stroetmann2010can,
  title         = {How can telehealth help in the provision of integrated care?},
  author        = {Stroetmann, Karl A and Kubitschke, Lutz and Robinson, Simon and Stroetmann, Veil and Cullen, Kevin and McDaid, David and World Health Organization and others},
  year          = {2010},
  publisher     = {World Health Organization. Regional Office for Europe}
}


@book{prior1977physical,
  title         = {Physical diagnosis: the history and examination of the patient},
  author        = {Prior, John A and Silberstein, Jack S},
  year          = {1977},
  publisher     = {CV Mosby}
}

@misc{goldberg2005practical,
  title         = {A practical guide to clinical medicine},
  author        = {Goldberg, Charlie and Thompson, Jan},
  publisher     = {University of California San Diego},
  year          = {2005},
  url           = {https://meded.ucsd.edu/clinicalmed/vital.htm},
  note          = {[Online; accessed 14-May-2017]}
}

@Book{Ruanaidh1996,
  title         = {Numerical Bayesian Methods Applied to Signal Processing (Statistics and Computing)},
  author        = {Ruanaidh, Joseph and Fitzgerald, William},
  year          = {1996},
  publisher     = {Springer}
}

